@inproceedings{ACR15,
  author    = {Rajeev Alur and
               Pavol Cern{\'{y}} and
               Arjun Radhakrishna},
  title     = {{Synthesis Through Unification}},
  booktitle = {{Computer Aided Verification - $27^{th}$ International Conference, {CAV}
               2015, San Francisco, CA, USA, July 18--24, 2015, Proceedings, Part
               {II}}},
  pages     = {163--179},
  year      = {2015},
}

@inproceedings{Transit,
  author    = {Abhishek Udupa and
               Arun Raghavan and
               Jyotirmoy V. Deshmukh and
               Sela Mador{-}Haim and
               Milo M. K. Martin and
               Rajeev Alur},
  title     = {{{\textsc{Transit}:} Specifying Protocols with Concolic Snippets}},
  booktitle = {{ACM} {SIGPLAN} Conference on Programming Language Design and Implementation,
               {PLDI} 2013, Seattle, WA, USA, June 16--19, 2013},
  pages     = {287--296},
  year      = {2013},
}

@inproceedings{Madhu,
  author    = {Parthasarathy Madhusudan and
               Daniel Neider and
               Shambwaditya Saha},
  title     = {{Synthesizing Piece-wise Functions by Learning Classifiers}},
  booktitle = {Tools and Algorithms for the Construction and Analysis of Systems
               - $21^{st}$ International Conference, {TACAS} 2016, Held as Part of the
               European Joint Conferences on Theory and Practice of Software, {ETAPS}
               2016, Eindhoven, Netherlands, April 2 -- 8, 2016. Proceedings},
  year      = {2016},
}

@article{ID3,
  author    = {J. Ross Quinlan},
  title     = {{Induction of Decision Trees}},
  journal   = {Machine Learning},
  volume    = {1},
  number    = {1},
  pages     = {81--106},
  year      = {1986},
}
